@book {davis93,
    AUTHOR = {Davis, M. H. A.},
     TITLE = {Markov models and optimization},
    SERIES = {Monographs on Statistics and Applied Probability},
    VOLUME = {49},
 PUBLISHER = {Chapman \& Hall, London},
      YEAR = {1993},
     PAGES = {xiv+295},
      ISBN = {0-412-31410-X},
   MRCLASS = {90-02 (49L20 60J75 90C15 93E20)},
  MRNUMBER = {1283589},
MRREVIEWER = {O. L. V. Costa},
       DOI = {10.1007/978-1-4899-4483-2},
       URL = {https://doi.org/10.1007/978-1-4899-4483-2},
}




@incollection {hairer11,
    AUTHOR = {Hairer, Martin and Mattingly, Jonathan C.},
     TITLE = {Yet another look at {H}arris' ergodic theorem for {M}arkov
              chains},
 BOOKTITLE = {Seminar on {S}tochastic {A}nalysis, {R}andom {F}ields and
              {A}pplications {VI}},
    SERIES = {Progr. Probab.},
    VOLUME = {63},
     PAGES = {109--117},
 PUBLISHER = {Birkh\"auser/Springer Basel AG, Basel},
      YEAR = {2011},
   MRCLASS = {60J05 (37A30 37A50 47D07)},
  MRNUMBER = {2857021},
MRREVIEWER = {Wojciech Bartoszek},
       DOI = {10.1007/978-3-0348-0021-1_7},
       URL = {https://doi.org/10.1007/978-3-0348-0021-1_7},
}





@book {MR92,
    AUTHOR = {Ma, Zhi Ming and R\"{o}ckner, Michael},
     TITLE = {Introduction to the theory of (nonsymmetric) {D}irichlet
              forms},
    SERIES = {Universitext},
 PUBLISHER = {Springer-Verlag, Berlin},
      YEAR = {1992},
     PAGES = {vi+209},
      ISBN = {3-540-55848-9},
   MRCLASS = {60J40 (31C25 60J45)},
  MRNUMBER = {1214375},
MRREVIEWER = {Tu Sheng Zhang},
       DOI = {10.1007/978-3-642-77739-4},
       URL = {https://doi.org/10.1007/978-3-642-77739-4},
}

























%%%%%%%%%%%%%%%% neu

@article {mariani2010,
    AUTHOR = {Mariani, Mauro},
     TITLE = {Large deviations principles for stochastic scalar conservation
              laws},
   JOURNAL = {Probab. Theory Related Fields},
  FJOURNAL = {Probability Theory and Related Fields},
    VOLUME = {147},
      YEAR = {2010},
    NUMBER = {3-4},
     PAGES = {607--648},
      ISSN = {0178-8051},
   MRCLASS = {60H15 (60F10 60K35)},
  MRNUMBER = {2639717},
       DOI = {10.1007/s00440-009-0218-6},
       URL = {https://doi.org/10.1007/s00440-009-0218-6},
}




@book {revuzyor,
    AUTHOR = {Revuz, Daniel and Yor, Marc},
     TITLE = {Continuous martingales and {B}rownian motion},
    SERIES = {Grundlehren der Mathematischen Wissenschaften [Fundamental
              Principles of Mathematical Sciences]},
    VOLUME = {293},
   EDITION = {Third},
 PUBLISHER = {Springer-Verlag, Berlin},
      YEAR = {1999},
     PAGES = {xiv+602},
      ISBN = {3-540-64325-7},
   MRCLASS = {60G44 (60G07 60H05)},
  MRNUMBER = {1725357},
       DOI = {10.1007/978-3-662-06400-9},
       URL = {https://doi.org/10.1007/978-3-662-06400-9},
}









%%%%%%% Regul by noise 

@article {flandolinotes, 
   AUTHOR = {Franco Flandoli}, 
    TITLE = {Topics on regularization by noise},
     JOURNAL = {unpublished lecture notes},
       YEAR = {2013},
}


@article {gesssouganidis, 
   AUTHOR = {Benjamin Gess and Panagioti Souganidis}, 
    TITLE = {Long-time behavior, invariant measures and regularizing effects for stochastic scalar conservation laws},
     JOURNAL = {arXiv:1411.3939v3},
       YEAR = {2014},
}

@article {gubinellijara,
    AUTHOR = {Gubinelli, M. and Jara, M.},
     TITLE = {Regularization by noise and stochastic {B}urgers equations},
   JOURNAL = {Stoch. Partial Differ. Equ. Anal. Comput.},
  FJOURNAL = {Stochastic Partial Differential Equations. Analysis and
              Computations},
    VOLUME = {1},
      YEAR = {2013},
    NUMBER = {2},
     PAGES = {325--350},
      ISSN = {2194-0401},
   MRCLASS = {35R60 (35B10 35Q30 35Q53 35R11 60H15 82B41)},
  MRNUMBER = {3327509},
MRREVIEWER = {Anne-Sophie de Suzzoni},
       DOI = {10.1007/s40072-013-0011-5},
       URL = {http://dx.doi.org/10.1007/s40072-013-0011-5},
}
	

@article {fedrizziflandoli,
    AUTHOR = {Fedrizzi, E. and Flandoli, F.},
     TITLE = {Noise prevents singularities in linear transport equations},
   JOURNAL = {J. Funct. Anal.},
  FJOURNAL = {Journal of Functional Analysis},
    VOLUME = {264},
      YEAR = {2013},
    NUMBER = {6},
     PAGES = {1329--1354},
      ISSN = {0022-1236},
   MRCLASS = {60H15 (35R60)},
  MRNUMBER = {3017266},
MRREVIEWER = {Bj{\"o}rn Schmalfuss},
       DOI = {10.1016/j.jfa.2013.01.003},
       URL = {http://dx.doi.org/10.1016/j.jfa.2013.01.003},
}
	
	%%%%%%% Fractional Laplacian

@article {laskinzaslavsky,
   AUTHOR = { N. Laskin and G. Zaslavsky}, 
    TITLE = {Nonlinear Fractional Dynamics on a Lattice with Long Range Interactions},
     JOURNAL = { Physica A},
       YEAR = {2006},
}


@article {be:go:ja:16,
   AUTHOR = {Bernardin and Goncalves and Jara}, 
    TITLE = {3/4-Fractional Superdiffusion in a System of
Harmonic Oscillators Perturbed by a
Conservative Noise},
     JOURNAL = {ARMA},
       YEAR = {2016},
}

@article {MR3488151,
    AUTHOR = {Tsunoda, Kenkichi},
     TITLE = {Hydrodynamic limit for a certain class of two-species
              zero-range processes},
   JOURNAL = {J. Math. Soc. Japan},
  FJOURNAL = {Journal of the Mathematical Society of Japan},
    VOLUME = {68},
      YEAR = {2016},
    NUMBER = {2},
     PAGES = {885--898},
      ISSN = {0025-5645},
   MRCLASS = {60K35 (82C41 92D25)},
  MRNUMBER = {3488151},
}

@article {jara,
    AUTHOR = {Jara, Milton},
     TITLE = {Nonequilibrium scaling limit for a tagged particle in the
              simple exclusion process with long jumps},
   JOURNAL = {Comm. Pure Appl. Math.},
  FJOURNAL = {Communications on Pure and Applied Mathematics},
    VOLUME = {62},
      YEAR = {2009},
    NUMBER = {2},
     PAGES = {198--214},
      ISSN = {0010-3640},
     CODEN = {CPAMA},
   MRCLASS = {60K35 (82C22)},
  MRNUMBER = {2468608},
MRREVIEWER = {M{\'a}rton Bal{\'a}zs},
       DOI = {10.1002/cpa.20253},
       URL = {http://dx.doi.org/10.1002/cpa.20253},
}

@article {val:09,
    AUTHOR = {Valdinoci, Enrico},
     TITLE = {From the long jump random walk to the fractional {L}aplacian},
   JOURNAL = {Bol. Soc. Esp. Mat. Apl. S$\vec{\rm e}$MA},
  FJOURNAL = {Bolet\'\i n de la Sociedad Espa\~nola de Matem\'atica
              Aplicada. S$\vec{\rm e}$MA},
    NUMBER = {49},
      YEAR = {2009},
     PAGES = {33--44},
      ISSN = {1575-9822},
   MRCLASS = {60G50 (35Q62)},
  MRNUMBER = {2584076},
}

@article {niuxie,
    AUTHOR = {Niu, Min and Xie, Bin},
     TITLE = {Regularity of a fractional partial differential equation
              driven by space-time white noise},
   JOURNAL = {Proc. Amer. Math. Soc.},
  FJOURNAL = {Proceedings of the American Mathematical Society},
    VOLUME = {138},
      YEAR = {2010},
    NUMBER = {4},
     PAGES = {1479--1489},
      ISSN = {0002-9939},
     CODEN = {PAMYAR},
   MRCLASS = {60H15 (35R60 60H40)},
  MRNUMBER = {2578542},
MRREVIEWER = {Dongsheng Wu},
       DOI = {10.1090/S0002-9939-09-10197-1},
       URL = {http://dx.doi.org/10.1090/S0002-9939-09-10197-1},
}
	

@article {yokoyama,
     AUTHOR = {Satoshi Yokoyama}, 
      TITLE = {Regularity for the solution of a stochastic partial
differential equation with the fractional
Laplacian},
    JOURNAL = {SpringerProcMathStatis},
       YEAR = {2016},
}

@article {debbidozzi,
    AUTHOR = {Debbi, Latifa and Dozzi, Marco},
     TITLE = {On the solutions of nonlinear stochastic fractional partial
              differential equations in one spatial dimension},
   JOURNAL = {Stochastic Process. Appl.},
  FJOURNAL = {Stochastic Processes and their Applications},
    VOLUME = {115},
      YEAR = {2005},
    NUMBER = {11},
     PAGES = {1764--1781},
      ISSN = {0304-4149},
     CODEN = {STOPB7},
   MRCLASS = {60H15 (60G60)},
  MRNUMBER = {2172885},
MRREVIEWER = {Nicholas Frangos},
       DOI = {10.1016/j.spa.2005.06.001},
       URL = {http://dx.doi.org/10.1016/j.spa.2005.06.001},
}

@article{Wu20111161,
author = {Dongsheng Wu},
title = {On the solution process for a stochastic fractional partial differential equation driven by spaceâ€“time white noise},
journal = {Statistics and Probability Letters},
volume = {81},
number = {8},
pages = {1161 - 1172},
year = {2011},
}

@article {silvestrethesis,
    AUTHOR = {Silvestre, Luis},
     TITLE = {Regularity of the obstacle problem for a fractional power of
              the {L}aplace operator},
   JOURNAL = {Ph.D. Thesis, University of Texas at Austin},
      YEAR = {2008},
}
	

%%%%% Not in Mathsci net

@article {pardouxlecturenotes,
     AUTHOR = {E. Pardoux}, 
      TITLE = {Stochastic Partial Differential Equations},
    JOURNAL = {Lectures given at Fudan University},
       YEAR = {2007},
}


@article {pardouxthese,
     AUTHOR = {E. Pardoux}, 
      TITLE = {Equations aux derivees partielles stochastiques non lineaires monotones; Etude de solutions fortes de type Ito.},
    JOURNAL = {These, Univ. Paris Sud},
       YEAR = {1975},
}

@article {allencahn,
     AUTHOR = {Allen, S.M. and Cahn, J.W.}, 
      TITLE = {A microscopic theory for antiphase boundary motion and its application in antiphase domain coarsening},
    JOURNAL = {Acta Metall.},
     VOLUME = {27},
          PAGES = {1085 -- 1095},
       YEAR = {1979},
}

@article {cahnhilliard1,
     AUTHOR = {Cahn, J.W. and Hilliard, J.E.}, 
      TITLE = {Free energy of a nonuniform system. I. Interfacial free energy.},
    JOURNAL = {J. Chem. Phys},
     VOLUME = {28},
          PAGES = {258 -- 267},
       YEAR = {1958},
}

@article {cahnhilliard2,
     AUTHOR = {Cahn, J.W. and Hilliard, J.E.}, 
      TITLE = {Free energy of a nonuniform system. III. Nucleation in a two component incompressible fluid.},
    JOURNAL = {J. Chem. Phys},
     VOLUME = {31},
          PAGES = {688 -- 699},
       YEAR = {1959},
}

@article {kawaohta,
    AUTHOR = {Kawasaki, Kyozi and Ohta, Takao},
     TITLE = {Kinetic Drumhead Model of Interface I},
   JOURNAL = {Progress of Theoretical Physics},
    VOLUME = {67},
      YEAR = {1982},
    NUMBER = {1},
     PAGES = {147--163},
}

@article {eyring,
     AUTHOR = {H. Eyring}, 
      TITLE = {The actived complex in chemical reactions},
    JOURNAL = {The Journal of Chemical Physics},
     VOLUME = {3},
       YEAR = {1935},
}


@article {ms01,
     AUTHOR = {Maier, Robert S. and Stein, Daniel L.},
     TITLE = {Droplet nucleation and domain wall motion in a bounded interval },
   JOURNAL = {Phys.Rev. Lett.},
   VOLUME = {87},
     PAGES = {270601-1},
      YEAR = {2001},
}

@article {ms03,
    AUTHOR = {Maier, Robert S. and Stein, Daniel L.}, 
     TITLE = {The effects of weak spatiotemporal noise on a bistable one-dimensional system, Noise in complex systems and stochastic dynamics (L. Schimanski-Geier, D. Abbott, A. Neimann, and C. Van den Broeck, eds.)},
   JOURNAL = {SPIE Proceedings Series},
   VOLUME = {5114},
     PAGES = {67--78},
      YEAR = {2003},
}

@article {stein,
    AUTHOR = {Stein, D},
     TITLE = {Large fluctuations, classical activation, quantum tunneling and phase transition},
   JOURNAL = {Braz. J. Phys.},
   VOLUME = {35},
     PAGES = {242--52},
      YEAR = {2005},
}


@article {nick,
    AUTHOR = {Lloyd N. Trefethen},
     TITLE = {Finite Difference and Spectral Methods for Ordinary and Partial Differential Equations},
   JOURNAL = {unpublished text},
     PAGES = {available at http://people.maths.ox.ac.uk/trefethen/pdetext.html },
      YEAR = {1996},
}

@article {florent,
     AUTHOR = {F. Barret}, 
      TITLE = {Formule d'Eyring-Kramers pour un type d'equation aux d\'eriv\'es partielles stochastiques parabolique semilineaire},
    JOURNAL = {Ph.D. Thesis, Ecole Polytechnique},
          YEAR = {2012},
}


@book {metabook,
    AUTHOR = {Bovier, Anton and den Hollander, Frank},
     TITLE = {Metastability: a potential-theoretic approach},
    SERIES = {Grundlehren der mathematischen Wissenschaften},
    VOLUME = {351},
 PUBLISHER = {Springer-Verlag},
      YEAR = {2015},
     PAGES = {xxi+581},
}

@article {DaSa:10,
    AUTHOR = {Daneri, Sara and Savare, Giuseppe},
     TITLE = {Lecture Notes on gradient flows and optimal transport},
    JOURNAL = {arxiv:1009.3737v1},
          YEAR = {2010},
}

@article {ve:adams,
     AUTHOR = {C.F. Abrams and E. Vanden-Eijnden}, 
      TITLE = {Large-scale conformational sampling of proteins using temperature-accelerated molecular dynamics},
    JOURNAL = {PNAS, Proceedings of the National Academy of Sciences },
     VOLUME = {107},
     NUMBER = {11},
       YEAR = {2010},
      PAGES = {4961--4966},
}

%%%%%%% Arxiv stuff



@article {bg,
    AUTHOR = {Bovier, Anton and Geldhauser, Carina},
     TITLE = {The scaling limit of a particle system with long-range interaction},
   JOURNAL = {arxiv preprint},
    VOLUME = {1512.05895},
      YEAR = {2015},
}

@article {cc,
    AUTHOR = {Cateller, R.  and Chouk, K.},
     TITLE = {Paracontrolled Distributions and the 3-dimensional Stochastic Quantization Equation},
   JOURNAL = {arxiv preprint},
    VOLUME = {1310.6869},
      YEAR = {2013},
       URL = {http://arxiv.org/abs/1310.6869},
}

@article {hm,
    AUTHOR = {Hairer, M. and Matetski, K},
     TITLE = {Discretisations of rough stochastic PDEs},
   JOURNAL = {arxiv preprint},
    VOLUME = {1511.06937},
      YEAR = {2015},
       URL = {http://arxiv.org/abs/1511.06937},
}
	
@article {zz,
     AUTHOR = {R. Zhu and X. Zhu}, 
      TITLE = {Lattice approximation to the dynamical $\phi^4_3$ model},
   JOURNAL = {arxiv preprint},
       VOLUME = {1508.05613},
          YEAR = {2015},
}

%%%%%%%%%%%%%%%%%%%%


@book {AmGiSa:04,
    AUTHOR = {Ambrosio, Luigi and Gigli, Nicola and Savar{\'e}, Giuseppe},
     TITLE = {Gradient flows in metric spaces and in the space of
              probability measures},
    SERIES = {Lectures in Mathematics ETH Z\"urich},
 PUBLISHER = {Birkh\"auser Verlag, Basel},
      YEAR = {2005},
     PAGES = {viii+333},
      ISBN = {978-3-7643-2428-5; 3-7643-2428-7},
   MRCLASS = {49-02 (28A33 35K55 35K90 49Q20 60B10)},
  MRNUMBER = {2129498},
}

@article {ambrosiomm,
    AUTHOR = {Ambrosio, Luigi},
     TITLE = {Minimizing movements},
   JOURNAL = {Rend. Accad. Naz. Sci. XL Mem. Mat. Appl. (5)},
  FJOURNAL = {Accademia Nazionale delle Scienze detta dei XL. Rendiconti.
              Serie V. Memorie di Matematica e Applicazioni. Parte I},
    VOLUME = {19},
      YEAR = {1995},
     PAGES = {191--246},
      ISSN = {0392-4106},
   MRCLASS = {49Q20 (47H19)},
  MRNUMBER = {1387558},
MRREVIEWER = {U. D'Ambrosio},
}
%%%%%%% B



@article {begk,
    AUTHOR = {Bovier, Anton and Eckhoff, Michael and Gayrard, V{\'e}ronique
              and Klein, Markus},
     TITLE = {Metastability and low lying spectra in reversible {M}arkov
              chains},
   JOURNAL = {Comm. Math. Phys.},
  FJOURNAL = {Communications in Mathematical Physics},
    VOLUME = {228},
      YEAR = {2002},
    NUMBER = {2},
     PAGES = {219--255},
      ISSN = {0010-3616},
     CODEN = {CMPHAY},
   MRCLASS = {60J10 (82C05)},
  MRNUMBER = {1911735},
MRREVIEWER = {Stefan Adams},
       DOI = {10.1007/s002200200609},
       URL = {http://dx.doi.org/10.1007/s002200200609},
}

@article {bbm,
    AUTHOR = {Barret, Florent and Bovier, Anton and M{\'e}l{\'e}ard, Sylvie},
     TITLE = {Uniform estimates for metastable transition times in a coupled
              bistable system},
   JOURNAL = {Electron. J. Probab.},
  FJOURNAL = {Electronic Journal of Probability},
    VOLUME = {15},
      YEAR = {2010},
     PAGES = {no. 12, 323--345},
      ISSN = {1083-6489},
   MRCLASS = {82C44 (60K35 82C31)},
  MRNUMBER = {2609590},
MRREVIEWER = {Nicoletta Cancrini},
       DOI = {10.1214/EJP.v15-751},
       URL = {http://dx.doi.org/10.1214/EJP.v15-751},
}


@article {barret,
    AUTHOR = {Barret, Florent},
     TITLE = {Sharp asymptotics of metastable transition times for one
              dimensional {SPDE}s},
   JOURNAL = {Ann. Inst. Henri Poincar\'e Probab. Stat.},
  FJOURNAL = {Annales de l'Institut Henri Poincar\'e Probabilit\'es et
              Statistiques},
    VOLUME = {51},
      YEAR = {2015},
    NUMBER = {1},
     PAGES = {129--166},
      ISSN = {0246-0203},
   MRCLASS = {82C44 (35K57 35R60 60H15)},
  MRNUMBER = {3300966},
       DOI = {10.1214/13-AIHP575},
       URL = {http://dx.doi.org/10.1214/13-AIHP575},
}
	

	
	
	@article {bege,
    AUTHOR = {Berglund, Nils and Gentz, Barbara},
     TITLE = {Sharp estimates for metastable lifetimes in parabolic {SPDE}s:
              {K}ramers' law and beyond},
   JOURNAL = {Electron. J. Probab.},
  FJOURNAL = {Electronic Journal of Probability},
    VOLUME = {18},
      YEAR = {2013},
     PAGES = {no. 24, 58},
      ISSN = {1083-6489},
   MRCLASS = {60H15 (35K57 35R60 37H20 60F10 60J45)},
  MRNUMBER = {3035752},
MRREVIEWER = {Xiang Xing Tao},
       DOI = {10.1214/EJP.v18-1802},
       URL = {http://dx.doi.org/10.1214/EJP.v18-1802},
}
	
	
	@article {bfg,
    AUTHOR = {Berglund, Nils and Fernandez, Bastien and Gentz, Barbara},
     TITLE = {Metastability in interacting nonlinear stochastic differential
              equations. {I}. {F}rom weak coupling to synchronization},
   JOURNAL = {Nonlinearity},
  FJOURNAL = {Nonlinearity},
    VOLUME = {20},
      YEAR = {2007},
    NUMBER = {11},
     PAGES = {2551--2581},
      ISSN = {0951-7715},
     CODEN = {NONLE5},
   MRCLASS = {60K35 (37H10 37L60 60H10)},
  MRNUMBER = {2361246},
MRREVIEWER = {Dirk Bl{\"o}mker},
       DOI = {10.1088/0951-7715/20/11/006},
       URL = {http://dx.doi.org/10.1088/0951-7715/20/11/006},
}



@book {brezis,
    AUTHOR = {Br{\'e}zis, H.},
     TITLE = {Op\'erateurs maximaux monotones et semi-groupes de
              contractions dans les espaces de {H}ilbert},
      NOTE = {North-Holland Mathematics Studies, No. 5. Notas de
              Matem{\'a}tica (50)},
 PUBLISHER = {North-Holland Publishing Co., Amsterdam-London; American
              Elsevier Publishing Co., Inc., New York},
      YEAR = {1973},
     PAGES = {vi+183},
   MRCLASS = {47H05},
  MRNUMBER = {0348562},
MRREVIEWER = {Bruce Calvert},
}
	



@article {gentzpart2,
    AUTHOR = {Berglund, Nils and Fernandez, Bastien and Gentz, Barbara},
     TITLE = {Metastability in interacting nonlinear stochastic differential
              equations. {II}. {L}arge-{$N$} behaviour},
   JOURNAL = {Nonlinearity},
  FJOURNAL = {Nonlinearity},
    VOLUME = {20},
      YEAR = {2007},
    NUMBER = {11},
     PAGES = {2583--2614},
      ISSN = {0951-7715},
     CODEN = {NONLE5},
   MRCLASS = {60K35 (37H20 37L60 60H10)},
  MRNUMBER = {2361247},
MRREVIEWER = {Dirk Bl{\"o}mker},
       DOI = {10.1088/0951-7715/20/11/007},
       URL = {http://dx.doi.org/10.1088/0951-7715/20/11/007},
}


@article {berglund,
    AUTHOR = {Berglund, N.},
     TITLE = {Kramers' law: validity, derivations and generalisations},
   JOURNAL = {Markov Process. Related Fields},
  FJOURNAL = {Markov Processes and Related Fields},
    VOLUME = {19},
      YEAR = {2013},
    NUMBER = {3},
     PAGES = {459--490},
      ISSN = {1024-2953},
   MRCLASS = {58J65 (34E20 34F05 60F10 60J45)},
  MRNUMBER = {3156961},
}
	


@article {bra:bu:98,
    AUTHOR = {Brassesco, Stella and Butt{\`a}, Paolo},
     TITLE = {Interface fluctuations for the {$D=1$} stochastic
              {G}inzburg-{L}andau equation with nonsymmetric reaction term},
   JOURNAL = {J. Statist. Phys.},
  FJOURNAL = {Journal of Statistical Physics},
    VOLUME = {93},
      YEAR = {1998},
    NUMBER = {5-6},
     PAGES = {1111--1142},
      ISSN = {0022-4715},
     CODEN = {JSTPSB},
   MRCLASS = {35R60 (35Q55 60H15)},
  MRNUMBER = {1666216},
MRREVIEWER = {Carol Shubin},
       DOI = {10.1023/B:JOSS.0000033154.54515.e8},
       URL = {http://dx.doi.org/10.1023/B:JOSS.0000033154.54515.e8},
}
	
	
	@article {Bra:deM:Pr:95,
    AUTHOR = {Brassesco, S. and De Masi, A. and Presutti, E.},
     TITLE = {Brownian fluctuations of the interface in the {$D=1$}
              {G}inzburg-{L}andau equation with noise},
   JOURNAL = {Ann. Inst. H. Poincar\'e Probab. Statist.},
  FJOURNAL = {Annales de l'Institut Henri Poincar\'e. Probabilit\'es et
              Statistiques},
    VOLUME = {31},
      YEAR = {1995},
    NUMBER = {1},
     PAGES = {81--118},
      ISSN = {0246-0203},
     CODEN = {AHPBAR},
   MRCLASS = {82C24 (60H10 82C31)},
  MRNUMBER = {1340032},
MRREVIEWER = {Francis Comets},
       URL = {http://www.numdam.org/item?id=AIHPB_1995__31_1_81_0},
}

@article {ben,
    AUTHOR = {Bensoussan, A. and Temam, R.},
     TITLE = {\'{E}quations aux d\'eriv\'ees partielles stochastiques non
              lin\'eaires. {I}},
   JOURNAL = {Israel J. Math.},
  FJOURNAL = {Israel Journal of Mathematics},
    VOLUME = {11},
      YEAR = {1972},
     PAGES = {95--129},
      ISSN = {0021-2172},
   MRCLASS = {60H15 (47H15)},
  MRNUMBER = {0448561},
}


%%%%%%% C
	
	
@article {ca:oli:pic:86,
    AUTHOR = {Cassandro, M. and Olivieri, E. and Picco, P.},
     TITLE = {Small random perturbations of infinite-dimensional dynamical
              systems and nucleation theory},
   JOURNAL = {Ann. Inst. H. Poincar\'e Phys. Th\'eor.},
  FJOURNAL = {Annales de l'Institut Henri Poincar\'e. Physique Th\'eorique},
    VOLUME = {44},
      YEAR = {1986},
    NUMBER = {4},
     PAGES = {343--396},
      ISSN = {0246-0211},
     CODEN = {AHPAAO},
   MRCLASS = {82A31 (58F30 60H15 82A35)},
  MRNUMBER = {850897},
MRREVIEWER = {Maria E. Vares},
       URL = {http://www.numdam.org/item?id=AIHPB_1986__44_4_343_0},
}

@article {carrpego,
    AUTHOR = {Carr, J. and Pego, R. L.},
     TITLE = {Metastable patterns in solutions of {$u_t=\epsilon^2u_{xx}-f(u)$}},
   JOURNAL = {Comm. Pure Appl. Math.},
  FJOURNAL = {Communications on Pure and Applied Mathematics},
    VOLUME = {42},
      YEAR = {1989},
    NUMBER = {5},
     PAGES = {523--576},
      ISSN = {0010-3640},
     CODEN = {CPAMA},
   MRCLASS = {35K55 (35B25 58E05 58F14 76R50)},
  MRNUMBER = {997567},
MRREVIEWER = {Elias Tuma},
       DOI = {10.1002/cpa.3160420502},
       URL = {http://dx.doi.org/10.1002/cpa.3160420502},
}
	
	
	@book {chow,
    AUTHOR = {Chow, Pao-Liu},
     TITLE = {Stochastic partial differential equations},
    SERIES = {Chapman \& Hall/CRC Applied Mathematics and Nonlinear Science
              Series},
 PUBLISHER = {Chapman \& Hall/CRC, Boca Raton, FL},
      YEAR = {2007},
     PAGES = {x+281},
      ISBN = {978-1-58488-443-9; 1-58488-443-6},
   MRCLASS = {35R60 (60-02 60H15)},
  MRNUMBER = {2295103},
MRREVIEWER = {Nikita Y. Ratanov},
}

%%%%%% D


@article {degiovanni,
    AUTHOR = {Degiovanni, Marco and Marino, Antonio and Tosques, Mario},
     TITLE = {Evolution equations with lack of convexity},
   JOURNAL = {Nonlinear Anal.},
  FJOURNAL = {Nonlinear Analysis. Theory, Methods \& Applications. An
              International Multidisciplinary Journal. Series A: Theory and
              Methods},
    VOLUME = {9},
      YEAR = {1985},
    NUMBER = {12},
     PAGES = {1401--1443},
      ISSN = {0362-546X},
     CODEN = {NOANDD},
   MRCLASS = {35K22 (49A50)},
  MRNUMBER = {820649},
MRREVIEWER = {J. Ka{\v{c}}ur},
       DOI = {10.1016/0362-546X(85)90098-7},
       URL = {http://dx.doi.org/10.1016/0362-546X(85)90098-7},
}

@article {degiorgi,
    AUTHOR = {De Giorgi, Ennio},
     TITLE = {Conjectures concerning some evolution problems},
      NOTE = {A celebration of John F. Nash, Jr.},
   JOURNAL = {Duke Math. J.},
  FJOURNAL = {Duke Mathematical Journal},
    VOLUME = {81},
      YEAR = {1996},
    NUMBER = {2},
     PAGES = {255--268},
      ISSN = {0012-7094},
     CODEN = {DUMJAO},
   MRCLASS = {35K55 (35L70)},
  MRNUMBER = {1395405},
MRREVIEWER = {Marco Degiovanni},
       DOI = {10.1215/S0012-7094-96-08114-4},
       URL = {http://dx.doi.org/10.1215/S0012-7094-96-08114-4},
}

@book {degiorgibook,
    AUTHOR = {De Giorgi, Ennio},
     TITLE = {Selected papers},
      NOTE = {Edited by Luigi Ambrosio, Gianni Dal Maso, Marco Forti, Mario
              Miranda and Sergio Spagnolo},
 PUBLISHER = {Springer-Verlag, Berlin},
      YEAR = {2006},
     PAGES = {x+889},
      ISBN = {3-540-26169-9; 978-3-540-26169-8},
   MRCLASS = {49-03 (00B60 01A75 35-03)},
  MRNUMBER = {2229237},
       DOI = {10.1007/978-3-642-41496-1},
       URL = {http://dx.doi.org/10.1007/978-3-642-41496-1},
}

@article {demoulini,
    AUTHOR = {Demoulini, Sophia},
     TITLE = {Young measure solutions for a nonlinear parabolic equation of
              forward-backward type},
   JOURNAL = {SIAM J. Math. Anal.},
  FJOURNAL = {SIAM Journal on Mathematical Analysis},
    VOLUME = {27},
      YEAR = {1996},
    NUMBER = {2},
     PAGES = {376--403},
      ISSN = {0036-1410},
     CODEN = {SJMAAH},
   MRCLASS = {35K55 (35K15 49Q20)},
  MRNUMBER = {1377480},
MRREVIEWER = {Henghui Zou},
       DOI = {10.1137/S0036141094261847},
       URL = {http://dx.doi.org/10.1137/S0036141094261847},
}
	
	
	@article {dpd,
    AUTHOR = {Da Prato, Giuseppe and Debussche, Arnaud},
     TITLE = {Strong solutions to the stochastic quantization equations},
   JOURNAL = {Ann. Probab.},
  FJOURNAL = {The Annals of Probability},
    VOLUME = {31},
      YEAR = {2003},
    NUMBER = {4},
     PAGES = {1900--1916},
      ISSN = {0091-1798},
     CODEN = {APBYAE},
   MRCLASS = {81S20 (28C20 42B05)},
  MRNUMBER = {2016604},
       DOI = {10.1214/aop/1068646370},
       URL = {http://dx.doi.org/10.1214/aop/1068646370},
}



%%%%% E

@article {eckmannhairer,
    AUTHOR = {Eckmann, J.-P. and Hairer, M.},
     TITLE = {Uniqueness of the invariant measure for a stochastic {PDE}
              driven by degenerate noise},
   JOURNAL = {Comm. Math. Phys.},
  FJOURNAL = {Communications in Mathematical Physics},
    VOLUME = {219},
      YEAR = {2001},
    NUMBER = {3},
     PAGES = {523--565},
      ISSN = {0010-3616},
     CODEN = {CMPHAY},
   MRCLASS = {60H15 (82C24 82C31)},
  MRNUMBER = {1838749},
MRREVIEWER = {Bohdan Maslowski},
       DOI = {10.1007/s002200100424},
       URL = {http://dx.doi.org/10.1007/s002200100424},
}

	%%%%%% F
	
	
@article {funaki,
    AUTHOR = {Funaki, Tadahisa},
     TITLE = {Random motion of strings and related stochastic evolution
              equations},
   JOURNAL = {Nagoya Math. J.},
  FJOURNAL = {Nagoya Mathematical Journal},
    VOLUME = {89},
      YEAR = {1983},
     PAGES = {129--193},
      ISSN = {0027-7630},
     CODEN = {NGMJA2},
   MRCLASS = {60H10 (35R15 35R60)},
  MRNUMBER = {692348 (85g:60063)},
MRREVIEWER = {Yu. L. Daletski{\u\i}},
       URL = {http://projecteuclid.org/euclid.nmj/1118787110},
}


@article {FiGoPa:98,
    AUTHOR = {Fierro, Francesca and Goglione, Roberta and Paolini, Maurizio},
     TITLE = {Numerical simulations of mean curvature flow in the presence
              of a nonconvex anisotropy},
   JOURNAL = {Math. Models Methods Appl. Sci.},
  FJOURNAL = {Mathematical Models \& Methods in Applied Sciences},
    VOLUME = {8},
      YEAR = {1998},
    NUMBER = {4},
     PAGES = {573--601},
      ISSN = {0218-2025},
   MRCLASS = {58E12 (53A10 65C20)},
  MRNUMBER = {1634826},
MRREVIEWER = {Maura Ughi},
       DOI = {10.1142/S0218202598000263},
       URL = {http://dx.doi.org/10.1142/S0218202598000263},
}

@book {freidlinwentzell,
    AUTHOR = {Freidlin, M. I. and Wentzell, A. D.},
     TITLE = {Random perturbations of dynamical systems},
    SERIES = {Grundlehren der Mathematischen Wissenschaften [Fundamental
              Principles of Mathematical Sciences]},
    VOLUME = {260},
   EDITION = {Second},
      NOTE = {Translated from the 1979 Russian original by Joseph Sz{\"u}cs},
 PUBLISHER = {Springer-Verlag, New York},
      YEAR = {1998},
     PAGES = {xii+430},
      ISBN = {0-387-98362-7},
   MRCLASS = {60H25 (34C29 34C35 34F05 58F30 60F10)},
  MRNUMBER = {1652127},
       DOI = {10.1007/978-1-4612-0611-8},
       URL = {http://dx.doi.org/10.1007/978-1-4612-0611-8},
}

@article {farisjl,
    AUTHOR = {Faris, William G. and Jona-Lasinio, Giovanni},
     TITLE = {Large fluctuations for a nonlinear heat equation with noise},
   JOURNAL = {J. Phys. A},
  FJOURNAL = {Journal of Physics. A. Mathematical and General},
    VOLUME = {15},
      YEAR = {1982},
    NUMBER = {10},
     PAGES = {3025--3055},
      ISSN = {0305-4470},
     CODEN = {JPHACS},
   MRCLASS = {81E10 (35R60)},
  MRNUMBER = {684578},
       URL = {http://stacks.iop.org/0305-4470/15/3025},
}
	
	%%%%%% G 

@article {geno,
    AUTHOR = {Geldhauser, Carina and Novaga, Matteo},
     TITLE = {A semidiscrete scheme for a one-dimensional {C}ahn-{H}illiard
              equation},
   JOURNAL = {Interfaces Free Bound.},
  FJOURNAL = {Interfaces and Free Boundaries. Mathematical Modelling,
              Analysis and Computation},
    VOLUME = {13},
      YEAR = {2011},
    NUMBER = {3},
     PAGES = {327--339},
      ISSN = {1463-9963},
   MRCLASS = {65M60 (35K20 35K55 65M12)},
  MRNUMBER = {2846013},
MRREVIEWER = {Vrushali A. Bokil},
       DOI = {10.4171/IFB/260},
       URL = {http://dx.doi.org/10.4171/IFB/260},
}
	
	
	

	
@article {gip,
    AUTHOR = {Gubinelli, Massimiliano and Imkeller, Peter and Perkowski,
              Nicolas},
     TITLE = {Paracontrolled distributions and singular {PDE}s},
   JOURNAL = {Forum Math. Pi},
  FJOURNAL = {Forum of Mathematics. Pi},
    VOLUME = {3},
      YEAR = {2015},
     PAGES = {e6, 75},
      ISSN = {2050-5086},
   MRCLASS = {60H15 (35S50)},
  MRNUMBER = {3406823},
       DOI = {10.1017/fmp.2015.2},
       URL = {http://dx.doi.org/10.1017/fmp.2015.2},
}	


@article {gyongylattice,
    AUTHOR = {Gy{\"o}ngy, Istv{\'a}n},
     TITLE = {Lattice approximations for stochastic quasi-linear parabolic
              partial differential equations driven by space-time white
              noise. {I}},
   JOURNAL = {Potential Anal.},
  FJOURNAL = {Potential Analysis. An International Journal Devoted to the
              Interactions between Potential Theory, Probability Theory,
              Geometry and Functional Analysis},
    VOLUME = {9},
      YEAR = {1998},
    NUMBER = {1},
     PAGES = {1--25},
      ISSN = {0926-2601},
     CODEN = {POANE2},
   MRCLASS = {60H15 (35K55 35R60)},
  MRNUMBER = {1644183},
MRREVIEWER = {David Nualart},
       DOI = {10.1023/A:1008615012377},
       URL = {http://dx.doi.org/10.1023/A:1008615012377},
}


@article {gyongypardoux,
    AUTHOR = {Gy{\"o}ngy, I. and Pardoux, {\'E}.},
     TITLE = {On quasi-linear stochastic partial differential equations},
   JOURNAL = {Probab. Theory Related Fields},
  FJOURNAL = {Probability Theory and Related Fields},
    VOLUME = {94},
      YEAR = {1993},
    NUMBER = {4},
     PAGES = {413--425},
      ISSN = {0178-8051},
     CODEN = {PTRFEU},
   MRCLASS = {60H15 (35R60)},
  MRNUMBER = {1201552},
MRREVIEWER = {Ralf Manthey},
       DOI = {10.1007/BF01192556},
       URL = {http://dx.doi.org/10.1007/BF01192556},
}



@article {gyongymillet,
    AUTHOR = {Gy{\"o}ngy, Istv{\'a}n and Millet, Annie},
     TITLE = {On discretization schemes for stochastic evolution equations},
   JOURNAL = {Potential Anal.},
  FJOURNAL = {Potential Analysis. An International Journal Devoted to the
              Interactions between Potential Theory, Probability Theory,
              Geometry and Functional Analysis},
    VOLUME = {23},
      YEAR = {2005},
    NUMBER = {2},
     PAGES = {99--134},
      ISSN = {0926-2601},
     CODEN = {POANE2},
   MRCLASS = {60H15 (65C30)},
  MRNUMBER = {2139212},
MRREVIEWER = {Carlos M. Mora Gonz{\'a}lez},
       DOI = {10.1007/s11118-004-5393-6},
       URL = {http://dx.doi.org/10.1007/s11118-004-5393-6},
}


%%%%%%% H


@article {HaiReg,
    AUTHOR = {Hairer, M.},
     TITLE = {A theory of regularity structures},
   JOURNAL = {Invent. Math.},
  FJOURNAL = {Inventiones Mathematicae},
    VOLUME = {198},
      YEAR = {2014},
    NUMBER = {2},
     PAGES = {269--504},
      ISSN = {0020-9910},
   MRCLASS = {60H15 (35R60 60H40 81S20 82C28)},
  MRNUMBER = {3274562},
MRREVIEWER = {Dora Sele{\v{s}}i},
       DOI = {10.1007/s00222-014-0505-4},
       URL = {http://dx.doi.org/10.1007/s00222-014-0505-4},
}

@article {helmers,
    AUTHOR = {Helmers, Michael and Herrmann, Michael},
     TITLE = {Interface dynamics in discrete forward-backward diffusion
              equations},
   JOURNAL = {Multiscale Model. Simul.},
  FJOURNAL = {Multiscale Modeling \& Simulation. A SIAM Interdisciplinary
              Journal},
    VOLUME = {11},
      YEAR = {2013},
    NUMBER = {4},
     PAGES = {1261--1297},
      ISSN = {1540-3459},
   MRCLASS = {35K25 (34A33 35R25 35R35 37L60 74N20 74N30)},
  MRNUMBER = {3139607},
MRREVIEWER = {Sergey G. Pyatkov},
       DOI = {10.1137/130915959},
       URL = {http://dx.doi.org/10.1137/130915959},
}


@article {hollig,
    AUTHOR = {H{\"o}llig, Klaus},
     TITLE = {Existence of infinitely many solutions for a forward backward
              heat equation},
   JOURNAL = {Trans. Amer. Math. Soc.},
  FJOURNAL = {Transactions of the American Mathematical Society},
    VOLUME = {278},
      YEAR = {1983},
    NUMBER = {1},
     PAGES = {299--316},
      ISSN = {0002-9947},
     CODEN = {TAMTAM},
   MRCLASS = {35K60},
  MRNUMBER = {697076},
MRREVIEWER = {Howard A. Levine},
       DOI = {10.2307/1999317},
       URL = {http://dx.doi.org/10.2307/1999317},
}

%%%%% K


@book {karatzasshreve,
    AUTHOR = {Karatzas, Ioannis and Shreve, Steven E.},
     TITLE = {Brownian motion and stochastic calculus},
    SERIES = {Graduate Texts in Mathematics},
    VOLUME = {113},
   EDITION = {Second},
 PUBLISHER = {Springer-Verlag, New York},
      YEAR = {1991},
     PAGES = {xxiv+470},
      ISBN = {0-387-97655-8},
   MRCLASS = {60J65 (35K99 35R60 60G44 60H10 60J60)},
  MRNUMBER = {1121940},
       DOI = {10.1007/978-1-4612-0949-2},
       URL = {http://dx.doi.org/10.1007/978-1-4612-0949-2},
}


@article {kinderlehrer,
    AUTHOR = {Kinderlehrer, David and Pedregal, Pablo},
     TITLE = {Weak convergence of integrands and the {Y}oung measure
              representation},
   JOURNAL = {SIAM J. Math. Anal.},
  FJOURNAL = {SIAM Journal on Mathematical Analysis},
    VOLUME = {23},
      YEAR = {1992},
    NUMBER = {1},
     PAGES = {1--19},
      ISSN = {0036-1410},
     CODEN = {SJMAAH},
   MRCLASS = {49Q20 (28A25 35A15 35K22 73B99 73C50 73S10 73V25)},
  MRNUMBER = {1145159},
MRREVIEWER = {L. Miko{\l}ajczyk},
       DOI = {10.1137/0523001},
       URL = {http://dx.doi.org/10.1137/0523001},
}
	

@article {kohnotto02,
    AUTHOR = {Kohn, Robert V. and Otto, Felix},
     TITLE = {Upper bounds on coarsening rates},
   JOURNAL = {Comm. Math. Phys.},
  FJOURNAL = {Communications in Mathematical Physics},
    VOLUME = {229},
      YEAR = {2002},
    NUMBER = {3},
     PAGES = {375--395},
      ISSN = {0010-3616},
     CODEN = {CMPHAY},
   MRCLASS = {82C24 (35B40 35K55 74A15 74N25)},
  MRNUMBER = {1924360},
       DOI = {10.1007/s00220-002-0693-4},
       URL = {http://dx.doi.org/10.1007/s00220-002-0693-4},
}

@article {ko:re:ve,
    AUTHOR = {Kohn, R. V. and Reznikoff, M. G. and Vanden-Eijnden, E.},
     TITLE = {Magnetic elements at finite temperature and large deviation
              theory},
   JOURNAL = {J. Nonlinear Sci.},
  FJOURNAL = {Journal of Nonlinear Science},
    VOLUME = {15},
      YEAR = {2005},
    NUMBER = {4},
     PAGES = {223--253},
      ISSN = {0938-8974},
   MRCLASS = {82D40 (60F10)},
  MRNUMBER = {2173980},
MRREVIEWER = {Peter Eichelsbacher},
       DOI = {10.1007/s00332-005-0671-z},
       URL = {http://dx.doi.org/10.1007/s00332-005-0671-z},
}


@article {krylov1969,
    AUTHOR = {Krylov, N. V.},
     TITLE = {It\^o's stochastic integral equations},
   JOURNAL = {Teor. Verojatnost. i Primenen},
  FJOURNAL = {Akademija Nauk SSSR. Teorija Verojatnoste\u\i\ i ee
              Primenenija},
    VOLUME = {14},
      YEAR = {1969},
     PAGES = {340--348},
      ISSN = {0040-361x},
   MRCLASS = {60.75},
  MRNUMBER = {0270462},
MRREVIEWER = {E. Lukacs},
}


@article {kramers,
    AUTHOR = {Kramers, H. A.},
     TITLE = {Brownian motion in a field of force and the diffusion model of
              chemical reactions},
   JOURNAL = {Physica},
    VOLUME = {7},
      YEAR = {1940},
     PAGES = {284--304},
   MRCLASS = {79.0X},
  MRNUMBER = {0002962},
MRREVIEWER = {N. Wiener},
}
	

	
%%%%%% M

@article {ma:oli:sco:89,
    AUTHOR = {Martinelli, Fabio and Olivieri, Enzo and Scoppola, Elisabetta},
     TITLE = {Small random perturbations of finite- and infinite-dimensional
              dynamical systems: unpredictability of exit times},
   JOURNAL = {J. Statist. Phys.},
  FJOURNAL = {Journal of Statistical Physics},
    VOLUME = {55},
      YEAR = {1989},
    NUMBER = {3-4},
     PAGES = {477--504},
      ISSN = {0022-4715},
     CODEN = {JSTPSB},
   MRCLASS = {60H15 (35R30 82C31)},
  MRNUMBER = {1003525},
MRREVIEWER = {Maria E. Vares},
       DOI = {10.1007/BF01041595},
       URL = {http://dx.doi.org/10.1007/BF01041595},
}
	
	
	%%%%% N
	
	@incollection {novickcohen,
    AUTHOR = {Novick-Cohen, Amy},
     TITLE = {The {C}ahn-{H}illiard equation},
 BOOKTITLE = {Handbook of differential equations: evolutionary equations.
              {V}ol. {IV}},
    SERIES = {Handb. Differ. Equ.},
     PAGES = {201--228},
 PUBLISHER = {Elsevier/North-Holland, Amsterdam},
      YEAR = {2008},
   MRCLASS = {35Q53 (35-02 35B25 35R35)},
  MRNUMBER = {2508166},
MRREVIEWER = {Ciprian G.-S. Gal},
       DOI = {10.1016/S1874-5717(08)00004-2},
       URL = {http://dx.doi.org/10.1016/S1874-5717(08)00004-2},
}
%%%% O

@article {oelschlaeger84,
    AUTHOR = {Oelschl{\"a}ger, Karl},
     TITLE = {A martingale approach to the law of large numbers for weakly
              interacting stochastic processes},
   JOURNAL = {Ann. Probab.},
  FJOURNAL = {The Annals of Probability},
    VOLUME = {12},
      YEAR = {1984},
    NUMBER = {2},
     PAGES = {458--479},
      ISSN = {0091-1798},
     CODEN = {APBYAE},
   MRCLASS = {60K35 (82A05)},
  MRNUMBER = {735849},
MRREVIEWER = {T. M. Liggett},
       URL =
              {http://links.jstor.org/sici?sici=0091-1798(198405)12:2<458:AMATTL>2.0.CO;2-H&origin=MSN},
}

@article {oelschlaeger85,
    AUTHOR = {Oelschl{\"a}ger, Karl},
     TITLE = {A law of large numbers for moderately interacting diffusion
              processes},
   JOURNAL = {Z. Wahrsch. Verw. Gebiete},
  FJOURNAL = {Zeitschrift f\"ur Wahrscheinlichkeitstheorie und Verwandte
              Gebiete},
    VOLUME = {69},
      YEAR = {1985},
    NUMBER = {2},
     PAGES = {279--322},
      ISSN = {0044-3719},
     CODEN = {ZWVGAA},
   MRCLASS = {60J60 (60K35 82A31)},
  MRNUMBER = {779460},
MRREVIEWER = {Maria E. Vares},
       DOI = {10.1007/BF02450284},
       URL = {http://dx.doi.org/10.1007/BF02450284},
}
	
	
@book {olva,
    AUTHOR = {Olivieri, Enzo and Vares, Maria Eul{\'a}lia},
     TITLE = {Large deviations and metastability},
    SERIES = {Encyclopedia of Mathematics and its Applications},
    VOLUME = {100},
 PUBLISHER = {Cambridge University Press, Cambridge},
      YEAR = {2005},
     PAGES = {xvi+512},
      ISBN = {0-521-59163-5},
   MRCLASS = {60-02 (60F10 60H10 60K35 82B20 82C20 82C22)},
  MRNUMBER = {2123364},
MRREVIEWER = {Giambattista Giacomin},
       DOI = {10.1017/CBO9780511543272},
       URL = {http://dx.doi.org/10.1017/CBO9780511543272},
}
	
%%%% Q


@article {QC04,
    AUTHOR = {Qin, Wen-Xin and Chen, Yihui},
     TITLE = {Bifurcations and persistence of equilibria in high-dimensional
              lattice dynamical systems},
   JOURNAL = {Nonlinearity},
  FJOURNAL = {Nonlinearity},
    VOLUME = {17},
      YEAR = {2004},
    NUMBER = {2},
     PAGES = {519--539},
      ISSN = {0951-7715},
     CODEN = {NONLE5},
   MRCLASS = {37L60 (37L10 82C20)},
  MRNUMBER = {2039056},
MRREVIEWER = {Bastien Fernandez},
       DOI = {10.1088/0951-7715/17/2/009},
       URL = {http://dx.doi.org/10.1088/0951-7715/17/2/009},
}




%%%% R

@article {rougemont,
    AUTHOR = {Rougemont, Jacques},
     TITLE = {Space-time invariant measures, entropy, and dimension for
              stochastic {G}inzburg-{L}andau equations},
   JOURNAL = {Comm. Math. Phys.},
  FJOURNAL = {Communications in Mathematical Physics},
    VOLUME = {225},
      YEAR = {2002},
    NUMBER = {2},
     PAGES = {423--448},
      ISSN = {0010-3616},
     CODEN = {CMPHAY},
   MRCLASS = {37H10 (35R60 37A35 37L40 60H15)},
  MRNUMBER = {1889231},
MRREVIEWER = {Hakima Bessaih},
       DOI = {10.1007/s002200100586},
       URL = {http://dx.doi.org/10.1007/s002200100586},
}

	%%%%%%%%%% V
	
@article {maria08,
    AUTHOR = {Vanden-Eijnden, Eric and Westdickenberg, Maria G.},
     TITLE = {Rare events in stochastic partial differential equations on
              large spatial domains},
   JOURNAL = {J. Stat. Phys.},
  FJOURNAL = {Journal of Statistical Physics},
    VOLUME = {131},
      YEAR = {2008},
    NUMBER = {6},
     PAGES = {1023--1038},
      ISSN = {0022-4715},
   MRCLASS = {82B31 (60H15 60H99)},
  MRNUMBER = {2407378 (2009d:82053)},
MRREVIEWER = {Peter E. Kloeden},
       DOI = {10.1007/s10955-008-9537-8},
       URL = {http://dx.doi.org/10.1007/s10955-008-9537-8},
}

	
	
	%%%%%% W 



@incollection {walsh,
    AUTHOR = {Walsh, John B.},
     TITLE = {An introduction to stochastic partial differential equations},
 BOOKTITLE = {\'{E}cole d'\'et\'e de probabilit\'es de {S}aint-{F}lour,
              {XIV}---1984},
    SERIES = {Lecture Notes in Math.},
    VOLUME = {1180},
     PAGES = {265--439},
 PUBLISHER = {Springer, Berlin},
      YEAR = {1986},
   MRCLASS = {60H15 (35R60 60G20 60J80)},
  MRNUMBER = {876085},
MRREVIEWER = {Luis G. Gorostiza},
       DOI = {10.1007/BFb0074920},
       URL = {http://dx.doi.org/10.1007/BFb0074920},
}
	

	
	%%%%%  Biblio mean field

@article {dawson83,
    AUTHOR = {Dawson, Donald A.},
     TITLE = {Critical dynamics and fluctuations for a mean-field model of
              cooperative behavior},
   JOURNAL = {J. Statist. Phys.},
  FJOURNAL = {Journal of Statistical Physics},
    VOLUME = {31},
      YEAR = {1983},
    NUMBER = {1},
     PAGES = {29--85},
      ISSN = {0022-4715},
     CODEN = {JSTPSB},
   MRCLASS = {82A25 (60K35)},
  MRNUMBER = {711469},
MRREVIEWER = {Ronald F. Fox},
       DOI = {10.1007/BF01010922},
       URL = {http://dx.doi.org/10.1007/BF01010922},
}



@article {funaki84,
    AUTHOR = {Funaki, Tadahisa},
     TITLE = {A certain class of diffusion processes associated with
              nonlinear parabolic equations},
   JOURNAL = {Z. Wahrsch. Verw. Gebiete},
  FJOURNAL = {Zeitschrift f\"ur Wahrscheinlichkeitstheorie und Verwandte
              Gebiete},
    VOLUME = {67},
      YEAR = {1984},
    NUMBER = {3},
     PAGES = {331--348},
      ISSN = {0044-3719},
     CODEN = {ZWVGAA},
   MRCLASS = {35K55 (60K35)},
  MRNUMBER = {762085},
MRREVIEWER = {S. R. S. Varadhan},
       DOI = {10.1007/BF00535008},
       URL = {http://dx.doi.org/10.1007/BF00535008},
}
	
	@article {gaertner88,
    AUTHOR = {G{\"a}rtner, J{\"u}rgen},
     TITLE = {On the {M}c{K}ean-{V}lasov limit for interacting diffusions},
   JOURNAL = {Math. Nachr.},
  FJOURNAL = {Mathematische Nachrichten},
    VOLUME = {137},
      YEAR = {1988},
     PAGES = {197--248},
      ISSN = {0025-584X},
     CODEN = {MTMNAQ},
   MRCLASS = {60K35 (60J60)},
  MRNUMBER = {968996},
MRREVIEWER = {Anton Wakolbinger},
       DOI = {10.1002/mana.19881370116},
       URL = {http://dx.doi.org/10.1002/mana.19881370116},
}

@preamble{
   "\def\cprime{$'$} "
}
@article {leonard86,
    AUTHOR = {L{\'e}onard, Christian},
     TITLE = {Une loi des grands nombres pour des syst\`emes de diffusions
              avec interaction et \`a coefficients non born\'es},
   JOURNAL = {Ann. Inst. H. Poincar\'e Probab. Statist.},
  FJOURNAL = {Annales de l'Institut Henri Poincar\'e. Probabilit\'es et
              Statistique},
    VOLUME = {22},
      YEAR = {1986},
    NUMBER = {2},
     PAGES = {237--262},
      ISSN = {0246-0203},
     CODEN = {AHPBAR},
   MRCLASS = {60J60 (60F05 60H10)},
  MRNUMBER = {850759},
MRREVIEWER = {Ya. {\=I}. B{\={\i}}lopol{\cprime}s{\cprime}ka},
       URL = {http://www.numdam.org/item?id=AIHPB_1986__22_2_237_0},
}
	
@article {nt85,
    AUTHOR = {Nagasawa, Masao and Tanaka, Hiroshi},
     TITLE = {A diffusion process in a singular mean-drift-field},
   JOURNAL = {Z. Wahrsch. Verw. Gebiete},
  FJOURNAL = {Zeitschrift f\"ur Wahrscheinlichkeitstheorie und Verwandte
              Gebiete},
    VOLUME = {68},
      YEAR = {1985},
    NUMBER = {3},
     PAGES = {247--269},
      ISSN = {0044-3719},
     CODEN = {ZWVGAA},
   MRCLASS = {60J60 (82A31)},
  MRNUMBER = {771466},
MRREVIEWER = {Maria E. Vares},
       DOI = {10.1007/BF00532640},
       URL = {http://dx.doi.org/10.1007/BF00532640},
}

%%%%%%%%%%%%%%%%%%%%


	%%%%%% G 


@article {geissmanthey,
    AUTHOR = {Gei{\ss}, Christel and Manthey, Ralf},
     TITLE = {Comparison theorems for stochastic differential equations in
              finite and infinite dimensions},
   JOURNAL = {Stochastic Process. Appl.},
  FJOURNAL = {Stochastic Processes and their Applications},
    VOLUME = {53},
      YEAR = {1994},
    NUMBER = {1},
     PAGES = {23--35},
      ISSN = {0304-4149},
     CODEN = {STOPB7},
   MRCLASS = {60H15 (60H10)},
  MRNUMBER = {1290705},
MRREVIEWER = {P. Kotelenez},
       DOI = {10.1016/0304-4149(94)90055-8},
       URL = {http://dx.doi.org/10.1016/0304-4149(94)90055-8},
}

%%%%%%% H


@article {helmers,
    AUTHOR = {Helmers, Michael and Herrmann, Michael},
     TITLE = {Interface dynamics in discrete forward-backward diffusion
              equations},
   JOURNAL = {Multiscale Model. Simul.},
  FJOURNAL = {Multiscale Modeling \& Simulation. A SIAM Interdisciplinary
              Journal},
    VOLUME = {11},
      YEAR = {2013},
    NUMBER = {4},
     PAGES = {1261--1297},
      ISSN = {1540-3459},
   MRCLASS = {35K25 (34A33 35R25 35R35 37L60 74N20 74N30)},
  MRNUMBER = {3139607},
MRREVIEWER = {Sergey G. Pyatkov},
       DOI = {10.1137/130915959},
       URL = {http://dx.doi.org/10.1137/130915959},
}


@incollection {hoellignohel,
    AUTHOR = {H{\"o}llig, Klaus and Nohel, John A.},
     TITLE = {A diffusion equation with a nonmonotone constitutive function},
 BOOKTITLE = {Systems of nonlinear partial differential equations ({O}xford,
              1982)},
    SERIES = {NATO Adv. Sci. Inst. Ser. C: Math. Phys. Sci.},
    VOLUME = {111},
     PAGES = {409--422},
 PUBLISHER = {Reidel, Dordrecht-Boston, Mass.},
      YEAR = {1983},
   MRCLASS = {35K60},
  MRNUMBER = {725537},
}


%%%%%%%% S

@article {st1,
    AUTHOR = {Smarrazzo, Flavia and Tesei, Alberto},
     TITLE = {Degenerate regularization of forward-backward parabolic
              equations: the regularized problem},
   JOURNAL = {Arch. Ration. Mech. Anal.},
  FJOURNAL = {Archive for Rational Mechanics and Analysis},
    VOLUME = {204},
      YEAR = {2012},
    NUMBER = {1},
     PAGES = {85--139},
      ISSN = {0003-9527},
   MRCLASS = {35K61 (35A01 35A02 35B25 35D40 35K59)},
  MRNUMBER = {2898737},
MRREVIEWER = {Naoyuki Ishimura},
       DOI = {10.1007/s00205-011-0470-7},
       URL = {http://dx.doi.org/10.1007/s00205-011-0470-7},
}

@article {st2,
    AUTHOR = {Smarrazzo, Flavia and Tesei, Alberto},
     TITLE = {Degenerate regularization of forward-backward parabolic
              equations: the vanishing viscosity limit},
   JOURNAL = {Math. Ann.},
  FJOURNAL = {Mathematische Annalen},
    VOLUME = {355},
      YEAR = {2013},
    NUMBER = {2},
     PAGES = {551--584},
      ISSN = {0025-5831},
     CODEN = {MAANA},
   MRCLASS = {35K59 (35K20 35R25)},
  MRNUMBER = {3010139},
MRREVIEWER = {Sergey G. Pyatkov},
       DOI = {10.1007/s00208-012-0798-9},
       URL = {http://dx.doi.org/10.1007/s00208-012-0798-9},
}


@book {shardlow,
    AUTHOR = {Lord, Gabriel J. and Powell, Catherine E. and Shardlow, Tony},
     TITLE = {An introduction to computational stochastic {PDE}s},
    SERIES = {Cambridge Texts in Applied Mathematics},
 PUBLISHER = {Cambridge University Press, New York},
      YEAR = {2014},
     PAGES = {xii+503},
      ISBN = {978-0-521-72852-2},
   MRCLASS = {60-01 (35R60 60H15 60H35 65-01 65M75 65N75)},
  MRNUMBER = {3308418},
MRREVIEWER = {Roger Pettersson},
       DOI = {10.1017/CBO9781139017329},
       URL = {http://dx.doi.org/10.1017/CBO9781139017329},
}
	

%%%%%% T


@book {ti:ar:77,
    AUTHOR = {Tikhonov, Andrey N. and Arsenin, Vasiliy Y.},
     TITLE = {Solutions of ill-posed problems},
      NOTE = {Translated from the Russian,
              Preface by translation editor Fritz John,
              Scripta Series in Mathematics},
 PUBLISHER = {V. H. Winston \& Sons, Washington, D.C.: John Wiley \& Sons,
              New York-Toronto, Ont.-London},
      YEAR = {1977},
     PAGES = {xiii+258},
   MRCLASS = {65J05 (65R05 65NXX)},
  MRNUMBER = {0455365},
MRREVIEWER = {M. Z. Nashed},
}
	%%%%%%%%%% V
	
@article {maria08,
    AUTHOR = {Vanden-Eijnden, Eric and Westdickenberg, Maria G.},
     TITLE = {Rare events in stochastic partial differential equations on
              large spatial domains},
   JOURNAL = {J. Stat. Phys.},
  FJOURNAL = {Journal of Statistical Physics},
    VOLUME = {131},
      YEAR = {2008},
    NUMBER = {6},
     PAGES = {1023--1038},
      ISSN = {0022-4715},
   MRCLASS = {82B31 (60H15 60H99)},
  MRNUMBER = {2407378 (2009d:82053)},
MRREVIEWER = {Peter E. Kloeden},
       DOI = {10.1007/s10955-008-9537-8},
       URL = {http://dx.doi.org/10.1007/s10955-008-9537-8},
}


%%%%%% W

@article {hendrikweber,
    AUTHOR = {Weber, Hendrik},
     TITLE = {Sharp interface limit for invariant measures of a stochastic
              {A}llen-{C}ahn equation},
   JOURNAL = {Comm. Pure Appl. Math.},
  FJOURNAL = {Communications on Pure and Applied Mathematics},
    VOLUME = {63},
      YEAR = {2010},
    NUMBER = {8},
     PAGES = {1071--1109},
      ISSN = {0010-3640},
     CODEN = {CPAMA},
   MRCLASS = {82C24 (35Q40 35R60 37L40 37L55 60H15)},
  MRNUMBER = {2642385},
MRREVIEWER = {Enrico Valdinoci},
       DOI = {10.1002/cpa.20323},
       URL = {http://dx.doi.org/10.1002/cpa.20323},
}
	
	
	
	%%%% Z
	
	@book {zeidler,
    AUTHOR = {Zeidler, Eberhard},
     TITLE = {Nonlinear functional analysis and its applications. {II}/{B}},
      NOTE = {Nonlinear monotone operators,
              Translated from the German by the author and Leo F. Boron},
 PUBLISHER = {Springer-Verlag, New York},
      YEAR = {1990},
     PAGES = {i--xvi and 469--1202},
      ISBN = {0-387-97167-X},
   MRCLASS = {47-02 (35-01 35J60 47Hxx 58-01 65Jxx)},
  MRNUMBER = {1033498},
MRREVIEWER = {Jean Mawhin},
       DOI = {10.1007/978-1-4612-0985-0},
       URL = {http://dx.doi.org/10.1007/978-1-4612-0985-0},
}
	


%%%%%  Biblio Diplomarbeit follows



@preamble{
   "\def\cprime{$'$} "
}
@article {plotnikov,
    AUTHOR = {Plotnikov, P. I.},
     TITLE = {Passage to the limit with respect to viscosity in an equation
              with a variable direction of parabolicity},
   JOURNAL = {Differentsial\cprime nye Uravneniya},
  FJOURNAL = {Differentsial\cprime nye Uravneniya},
    VOLUME = {30},
      YEAR = {1994},
    NUMBER = {4},
     PAGES = {665--674, 734},
      ISSN = {0374-0641},
   MRCLASS = {35K55 (35D99)},
  MRNUMBER = {MR1299852 (95g:35085)},
}

@article {fife,
    AUTHOR = {Fife, Paul C.},
     TITLE = {Models for phase separation and their mathematics},
   JOURNAL = {Electron. J. Differential Equations},
  FJOURNAL = {Electronic Journal of Differential Equations},
      YEAR = {2000},
     PAGES = {No. 48, 26 pp. (electronic)},
      ISSN = {1072-6691},
   MRCLASS = {35K55 (74A25 74A50 74N25 80A22)},
  MRNUMBER = {MR1772733 (2001k:35147)},
MRREVIEWER = {Stanislaus Maier-Paape},
}

@article {MR759767,
    AUTHOR = {Carr, Jack and Gurtin, Morton E. and Slemrod, Marshall},
     TITLE = {Structured phase transitions on a finite interval},
   JOURNAL = {Arch. Rational Mech. Anal.},
  FJOURNAL = {Archive for Rational Mechanics and Analysis},
    VOLUME = {86},
      YEAR = {1984},
    NUMBER = {4},
     PAGES = {317--351},
      ISSN = {0003-9527},
     CODEN = {AVRMAW},
   MRCLASS = {80A10 (58E30 76N10 82A25)},
  MRNUMBER = {MR759767 (86i:80001)},
MRREVIEWER = {B. H. Lavenda},
}

@article {MR855754,
    AUTHOR = {Elliott, Charles M. and Songmu, Zheng},
     TITLE = {On the {C}ahn-{H}illiard equation},
   JOURNAL = {Arch. Rational Mech. Anal.},
  FJOURNAL = {Archive for Rational Mechanics and Analysis},
    VOLUME = {96},
      YEAR = {1986},
    NUMBER = {4},
     PAGES = {339--357},
      ISSN = {0003-9527},
     CODEN = {AVRMAW},
   MRCLASS = {80A15 (35Q20 65N30)},
  MRNUMBER = {MR855754 (87k:80007)},
MRREVIEWER = {G. A. Nariboli},
}

@article {MR983721,
    AUTHOR = {Elliott, Charles M. and French, Donald A.},
     TITLE = {Numerical studies of the {C}ahn-{H}illiard equation for phase
              separation},
   JOURNAL = {IMA J. Appl. Math.},
  FJOURNAL = {IMA Journal of Applied Mathematics},
    VOLUME = {38},
      YEAR = {1987},
    NUMBER = {2},
     PAGES = {97--128},
      ISSN = {0272-4960},
     CODEN = {IJAMDM},
   MRCLASS = {80A20 (65P05 80-08 82A25)},
  MRNUMBER = {MR983721 (90f:80004)},
MRREVIEWER = {J. D. P. Donnelly},
}

@article {MR1763320,
    AUTHOR = {Sander, Evelyn and Wanner, Thomas},
     TITLE = {Unexpectedly linear behavior for the {C}ahn-{H}illiard
              equation},
   JOURNAL = {SIAM J. Appl. Math.},
  FJOURNAL = {SIAM Journal on Applied Mathematics},
    VOLUME = {60},
      YEAR = {2000},
    NUMBER = {6},
     PAGES = {2182--2202 (electronic)},
      ISSN = {0036-1399},
   MRCLASS = {35K55 (35B05 35B25 35K35 35P10)},
  MRNUMBER = {MR1763320 (2001i:35161)},
MRREVIEWER = {Stanislaus Maier-Paape},
}

@article {MR1214868,
    AUTHOR = {Grant, Christopher P.},
     TITLE = {Spinodal decomposition for the {C}ahn-{H}illiard equation},
   JOURNAL = {Comm. Partial Differential Equations},
  FJOURNAL = {Communications in Partial Differential Equations},
    VOLUME = {18},
      YEAR = {1993},
    NUMBER = {3-4},
     PAGES = {453--490},
      ISSN = {0360-5302},
     CODEN = {CPDIDZ},
   MRCLASS = {35K60 (35K35 82D35)},
  MRNUMBER = {MR1214868 (94b:35147)},
MRREVIEWER = {Song Mu Zheng},
}

@article {MR1166255,
    AUTHOR = {Blowey, J. F. and Elliott, C. M.},
     TITLE = {The {C}ahn-{H}illiard gradient theory for phase separation
              with nonsmooth free energy. {II}. {N}umerical analysis},
   JOURNAL = {European J. Appl. Math.},
  FJOURNAL = {European Journal of Applied Mathematics},
    VOLUME = {3},
      YEAR = {1992},
    NUMBER = {2},
     PAGES = {147--179},
      ISSN = {0956-7925},
   MRCLASS = {80A22 (35K85 35Q99 49M07 65M60)},
  MRNUMBER = {MR1166255 (93g:80007)},
MRREVIEWER = {Bishun Pandey},
}



@inproceedings{be:sa:ca:ba,
 author = {Bertalmio, Marcelo and Sapiro, Guillermo and Caselles, Vincent and Ballester, Coloma},
 title = {Image Inpainting},
 booktitle = {Proceedings of the 27th Annual Conference on Computer Graphics and Interactive Techniques},
 series = {SIGGRAPH '00},
 year = {2000},
 isbn = {1-58113-208-5},
 pages = {417--424},
 numpages = {8},
 url = {http://dx.doi.org/10.1145/344779.344972},
 doi = {10.1145/344779.344972},
 acmid = {344972},
 publisher = {ACM Press/Addison-Wesley Publishing Co.},
 address = {New York, NY, USA},
 keywords = {anisotropic diffusion, image restoration, inpainting, isophotes},
} 


%%%%%  BELLETTINI AND GOBBINO   %%%%%%%%%%%%%%%%%%%%%%%%%%%%%%%%%

@article {BeFuGu:06,
    AUTHOR = {Bellettini, Giovanni and Fusco, Giorgio and Guglielmi, Nicola},
     TITLE = {A concept of solution and numerical experiments for
              forward-backward diffusion equations},
   JOURNAL = {Discrete Contin. Dyn. Syst.},
  FJOURNAL = {Discrete and Continuous Dynamical Systems. Series A},
    VOLUME = {16},
      YEAR = {2006},
    NUMBER = {4},
     PAGES = {783--842},
      ISSN = {1078-0947},
   MRCLASS = {35K55 (35A15 35B25 35Q53 49L25)},
  MRNUMBER = {MR2257160 (2007j:35080)},
}


@article {bnp,
    AUTHOR = {Bellettini, G. and Novaga, M. and Paolini, E.},
     TITLE = {Global solutions to the gradient flow equation of a nonconvex
              functional},
   JOURNAL = {SIAM J. Math. Anal.},
  FJOURNAL = {SIAM Journal on Mathematical Analysis},
    VOLUME = {37},
      YEAR = {2006},
    NUMBER = {5},
     PAGES = {1657--1687 (electronic)},
      ISSN = {0036-1410},
   MRCLASS = {35K55 (35R35 49J45 65M60)},
  MRNUMBER = {MR2215602 (2007a:35060)},
MRREVIEWER = {Naoyuki Ishimura},
}


@Article{bnpt,
  AUTHOR = {Bellettini, G. and Novaga, M. and Paolini, M. and Tornese, C.},
     TITLE = {Convergence of discrete schemes for the {P}erona-{M}alik
              equation},
   JOURNAL = {J. Differential Equations},
  FJOURNAL = {Journal of Differential Equations},
    VOLUME = {245},
      YEAR = {2008},
    NUMBER = {4},
     PAGES = {892--924},
      ISSN = {0022-0396},
     CODEN = {JDEQAK},
   MRCLASS = {35K55 (65M06)},
  MRNUMBER = {MR2427400},
}
	

@article {gg,
    AUTHOR = {Ghisi, Marina and Gobbino, Massimo},
     TITLE = {Gradient estimates for the {P}erona-{M}alik equation},
   JOURNAL = {Math. Ann.},
  FJOURNAL = {Mathematische Annalen},
    VOLUME = {337},
      YEAR = {2007},
    NUMBER = {3},
     PAGES = {557--590},
      ISSN = {0025-5831},
     CODEN = {MAANA},
   MRCLASS = {35K55 (35B45 35B50 35K20)},
  MRNUMBER = {MR2274543 (2008b:35132)},
MRREVIEWER = {Jes{\'u}s Hern{\'a}ndez},
}


@article {gobbinoms,
    AUTHOR = {Gobbino, Massimo},
     TITLE = {Gradient flow for the one-dimensional {M}umford-{S}hah
              functional},
   JOURNAL = {Ann. Scuola Norm. Sup. Pisa Cl. Sci. (4)},
  FJOURNAL = {Annali della Scuola Normale Superiore di Pisa. Classe di
              Scienze. Serie IV},
    VOLUME = {27},
      YEAR = {1998},
    NUMBER = {1},
     PAGES = {145--193 (1999)},
      ISSN = {0391-173X},
     CODEN = {PSNAAI},
   MRCLASS = {49J20 (34G20 58E50)},
  MRNUMBER = {MR1658873 (99j:49003)},
MRREVIEWER = {Sisto Baldo},
}

@article {gobbentire,
    AUTHOR = {Gobbino, Massimo},
     TITLE = {Entire solutions of the one-dimensional {P}erona-{M}alik
              equation},
   JOURNAL = {Comm. Partial Differential Equations},
  FJOURNAL = {Communications in Partial Differential Equations},
    VOLUME = {32},
      YEAR = {2007},
    NUMBER = {4-6},
     PAGES = {719--743},
      ISSN = {0360-5302},
     CODEN = {CPDIDZ},
   MRCLASS = {35K55 (35C05)},
  MRNUMBER = {MR2334830 (2008c:35123)},
MRREVIEWER = {Diego M. Maldonado},
}

@article{ghigob06,
    AUTHOR = {Ghisi, Marina and Gobbino, Massimo},
     TITLE = {A class of local classical solutions for the one-dimensional
              {P}erona-{M}alik equation},
   JOURNAL = {Trans. Amer. Math. Soc.},
  FJOURNAL = {Transactions of the American Mathematical Society},
    VOLUME = {361},
      YEAR = {2009},
    NUMBER = {12},
     PAGES = {6429--6446},
      ISSN = {0002-9947},
     CODEN = {TAMTAM},
   MRCLASS = {35K59 (35K15)},
  MRNUMBER = {2538599},
MRREVIEWER = {Enzo Vitillaro},
       DOI = {10.1090/S0002-9947-09-04793-X},
       URL = {http://dx.doi.org/10.1090/S0002-9947-09-04793-X},
}

@incollection {bfusco,
    AUTHOR = {Bellettini, G. and Fusco, G.},
     TITLE = {A regularized {P}erona-{M}alik functional: some aspects of the
              gradient dynamics},
 BOOKTITLE = {EQUADIFF 2003},
     PAGES = {639--644},
 PUBLISHER = {World Sci. Publ., Hackensack, NJ},
      YEAR = {2005},
   MRCLASS = {37L99 (35A15 35K99 49K40)},
  MRNUMBER = {MR2185104},
}

%%%%%%%%%%%%% CH INPAINTING ARTICLES %%%%%%%%%%%%%%%%%%%%%

@article {selimch2,
    AUTHOR = {Bertozzi, A. and Esedoglu, S. and Gillette, A.},
     TITLE = {Inpainting of Binary Images Using the {C}ahn-{H}illiard Equation},
   JOURNAL = {IEEE Trans. Image Proc.},
    VOLUME = {16},
      YEAR = {2007},
  NUMBER = {1},
     PAGES = {285-291},
}

@article {selimch,
    AUTHOR = {Bertozzi, A. and Esedoglu, S. and Gillette, A.},
     TITLE = {Analysis of a two-scale {C}ahn-{H}illiard model for image inpainting},
   JOURNAL = {Multiscale Model. Simul.},
  FJOURNAL = {Multiscale Modeling \& Simulation. A SIAM Interdisciplinary
              Journal},
    VOLUME = {6},
      YEAR = {2007},
  NUMBER = {3},
     PAGES = {913-936},
}


@Article{carola,
author = {Burger,M. and He, L. and Schoenlieb, C.-B.},
title = {{C}ahn-{H}illiard inpainting and a generalisation for grayvalue images},
journal = {submitted paper},
year = {2008},
}





%%%%% Bartels Prohl  %%%%%%%%%%%%%%%%%%%%%%%%%%%%

@article {prohl,
    AUTHOR = {Bartels, S{\"o}ren and Prohl, Andreas},
     TITLE = {Stable discretization of scalar and constrained vectorial
              {P}erona-{M}alik equation},
   JOURNAL = {Interfaces Free Bound.},
  FJOURNAL = {Interfaces and Free Boundaries. Mathematical Modelling,
              Analysis and Computation},
    VOLUME = {9},
      YEAR = {2007},
    NUMBER = {4},
     PAGES = {431--453},
      ISSN = {1463-9963},
   MRCLASS = {35K55 (35K20 65Mxx)},
  MRNUMBER = {MR2358212},
}


%%%%%%%%%% classics %%%%%%%%%%%%%%%%%%%%%%


@article {vdwaals,
    AUTHOR = {Rowlinson, J. S.},
     TITLE = {Translation of {J}. {D}. van der {W}aals' ``{T}he
              thermodynamic theory of capillarity under the hypothesis of a
              continuous variation of density''},
   JOURNAL = {J. Statist. Phys.},
  FJOURNAL = {Journal of Statistical Physics},
    VOLUME = {20},
      YEAR = {1979},
    NUMBER = {2},
     PAGES = {197--244},
      ISSN = {0022-4715},
     CODEN = {JSTPBS},
   MRCLASS = {01A75 (80-03)},
  MRNUMBER = {523642},
       DOI = {10.1007/BF01011513},
       URL = {http://dx.doi.org/10.1007/BF01011513},
}

@Article{pm,
author = {Perona, P. AND Malik, J.},
title = {Scale-space and edge detection using anisotropic diffusion},
journal = {IEEE Trans. Pattern Anal. Mach. Intell. 12, 629--639},
year = {1992},
}


@article {modicamortola,
    AUTHOR = {Modica, Luciano and Mortola, Stefano},
     TITLE = {Il limite nella {$\Gamma $}-convergenza di una famiglia di
              funzionali ellittici},
   JOURNAL = {Boll. Un. Mat. Ital. A (5)},
    VOLUME = {14},
      YEAR = {1977},
    NUMBER = {3},
     PAGES = {526--529},
   MRCLASS = {49A99 (28A20)},
  MRNUMBER = {0473971},
MRREVIEWER = {Franco Strocchi},
}
	


@article {modica,
    AUTHOR = {Modica, Luciano},
     TITLE = {The gradient theory of phase transitions and the minimal
              interface criterion},
   JOURNAL = {Arch. Rational Mech. Anal.},
  FJOURNAL = {Archive for Rational Mechanics and Analysis},
    VOLUME = {98},
      YEAR = {1987},
    NUMBER = {2},
     PAGES = {123--142},
      ISSN = {0003-9527},
     CODEN = {AVRMAW},
   MRCLASS = {76T05 (80A15)},
  MRNUMBER = {866718},
MRREVIEWER = {L. Hsiao},
       DOI = {10.1007/BF00251230},
       URL = {http://dx.doi.org/10.1007/BF00251230},
}
		



% BOOKS %%%%%%%%%%%%%%%%%%%%%%%%%%%%%%%%%%%%%%%%%%

@book {brennerscott,
    AUTHOR = {Brenner, Susanne C. and Scott, L. Ridgway},
     TITLE = {The mathematical theory of finite element methods},
    SERIES = {Texts in Applied Mathematics},
    VOLUME = {15},
   EDITION = {Second},
 PUBLISHER = {Springer-Verlag},
   ADDRESS = {New York},
      YEAR = {2002},
     PAGES = {xvi+361},
      ISBN = {0-387-95451-1},
   MRCLASS = {65N30 (46N40)},
  MRNUMBER = {MR1894376 (2003a:65103)},
}


%%%% Einleitung Thesis general forward backward


@article {barenblatt,
    AUTHOR = {Barenblatt, G. I. and Bertsch, M. and Dal Passo, R. and Ughi,
              M.},
     TITLE = {A degenerate pseudoparabolic regularization of a nonlinear
              forward-backward heat equation arising in the theory of heat
              and mass exchange in stably stratified turbulent shear flow},
   JOURNAL = {SIAM J. Math. Anal.},
  FJOURNAL = {SIAM Journal on Mathematical Analysis},
    VOLUME = {24},
      YEAR = {1993},
    NUMBER = {6},
     PAGES = {1414--1439},
      ISSN = {0036-1410},
     CODEN = {SJMAAH},
   MRCLASS = {35K65 (76F10 76V05 80A20)},
  MRNUMBER = {1241152},
MRREVIEWER = {Tom{\'a}{\v{s}} Roub{\'{\i}}{\v{c}}ek},
       DOI = {10.1137/0524082},
       URL = {http://dx.doi.org/10.1137/0524082},
}


@article {batesfife,
    AUTHOR = {Bates, Peter W. and Fife, Paul C.},
     TITLE = {Spectral comparison principles for the {C}ahn-{H}illiard and
              phase-field equations, and time scales for coarsening},
   JOURNAL = {Phys. D},
  FJOURNAL = {Physica D. Nonlinear Phenomena},
    VOLUME = {43},
      YEAR = {1990},
    NUMBER = {2-3},
     PAGES = {335--348},
      ISSN = {0167-2789},
     CODEN = {PDNPDT},
   MRCLASS = {80A22 (35K55)},
  MRNUMBER = {1067916},
MRREVIEWER = {Riccardo Ricci},
       DOI = {10.1016/0167-2789(90)90141-B},
       URL = {http://dx.doi.org/10.1016/0167-2789(90)90141-B},
}
	
	
@book {bro:spre:96,
    AUTHOR = {Brokate, Martin and Sprekels, J{\"u}rgen},
     TITLE = {Hysteresis and phase transitions},
    SERIES = {Applied Mathematical Sciences},
    VOLUME = {121},
 PUBLISHER = {Springer-Verlag, New York},
      YEAR = {1996},
     PAGES = {x+357},
      ISBN = {0-387-94763-9},
   MRCLASS = {35Qxx (00A69 47N20 49S05 73B05 73B30 80A22)},
  MRNUMBER = {1411908},
MRREVIEWER = {Pavel Krej{\v{c}}{\'{\i}}},
       DOI = {10.1007/978-1-4612-4048-8},
       URL = {http://dx.doi.org/10.1007/978-1-4612-4048-8},
}

@article {ho:pa:ot:04,
    AUTHOR = {Horstmann, Dirk and Painter, Kevin J. and Othmer, Hans G.},
     TITLE = {Aggregation under local reinforcement: from lattice to
              continuum},
   JOURNAL = {European J. Appl. Math.},
  FJOURNAL = {European Journal of Applied Mathematics},
    VOLUME = {15},
      YEAR = {2004},
    NUMBER = {5},
     PAGES = {546--576},
      ISSN = {0956-7925},
   MRCLASS = {35K55 (35B30 35K65 35Q80 92B05)},
  MRNUMBER = {2128611},
MRREVIEWER = {Xin-She Yang},
       DOI = {10.1017/S0956792504005571},
       URL = {http://dx.doi.org/10.1017/S0956792504005571},
}
	
@article {ho:pa:ot:03,
    AUTHOR = {Painter, K. J. and Horstmann, D. and Othmer, H. G.},
     TITLE = {Localization in lattice and continuum models of reinforced
              random walks},
   JOURNAL = {Appl. Math. Lett.},
  FJOURNAL = {Applied Mathematics Letters. An International Journal of Rapid
              Publication},
    VOLUME = {16},
      YEAR = {2003},
    NUMBER = {3},
     PAGES = {375--381},
      ISSN = {0893-9659},
     CODEN = {AMLEEL},
   MRCLASS = {60G50 (60J60)},
  MRNUMBER = {1961428},
       DOI = {10.1016/S0893-9659(03)80060-5},
       URL = {http://dx.doi.org/10.1016/S0893-9659(03)80060-5},
}

@article {pa04,
    AUTHOR = {Padr{\'o}n, V{\'{\i}}ctor},
     TITLE = {Effect of aggregation on population revovery modeled by a
              forward-backward pseudoparabolic equation},
   JOURNAL = {Trans. Amer. Math. Soc.},
  FJOURNAL = {Transactions of the American Mathematical Society},
    VOLUME = {356},
      YEAR = {2004},
    NUMBER = {7},
     PAGES = {2739--2756 (electronic)},
      ISSN = {0002-9947},
     CODEN = {TAMTAM},
   MRCLASS = {35K70 (35K55 35R25 92D25)},
  MRNUMBER = {2052595},
MRREVIEWER = {Krystyna Twardowska},
       DOI = {10.1090/S0002-9947-03-03340-3},
       URL = {http://dx.doi.org/10.1090/S0002-9947-03-03340-3},
}
	
	
	@article {pa98,
    AUTHOR = {Padr{\'o}n, Victor},
     TITLE = {Sobolev regularization of a nonlinear ill-posed parabolic
              problem as a model for aggregating populations},
   JOURNAL = {Comm. Partial Differential Equations},
  FJOURNAL = {Communications in Partial Differential Equations},
    VOLUME = {23},
      YEAR = {1998},
    NUMBER = {3-4},
     PAGES = {457--486},
      ISSN = {0360-5302},
     CODEN = {CPDIDZ},
   MRCLASS = {35R25 (35K60 92D25)},
  MRNUMBER = {1620640},
MRREVIEWER = {Dang Dinh Ang},
       DOI = {10.1080/03605309808821353},
       URL = {http://dx.doi.org/10.1080/03605309808821353},
}

@article {terracina,
    AUTHOR = {Terracina, Andrea},
     TITLE = {Two-phase entropy solutions of forward-backward parabolic
              problems with unstable phase},
   JOURNAL = {Interfaces Free Bound.},
  FJOURNAL = {Interfaces and Free Boundaries. Mathematical Analysis,
              Computation and Applications},
    VOLUME = {17},
      YEAR = {2015},
    NUMBER = {3},
     PAGES = {289--315},
      ISSN = {1463-9963},
   MRCLASS = {35K59 (35R25)},
  MRNUMBER = {3421908},
}
	 
%%%%%%%%% Einleitung Diplomarbeit etc %%%%%%%%%%%%%%%%%

@article {selim,
    AUTHOR = {Esedo{\=g}lu, Selim},
     TITLE = {An analysis of the {P}erona-{M}alik scheme},
   JOURNAL = {Comm. Pure Appl. Math.},
  FJOURNAL = {Communications on Pure and Applied Mathematics},
    VOLUME = {54},
      YEAR = {2001},
    NUMBER = {12},
     PAGES = {1442--1487},
      ISSN = {0010-3640},
     CODEN = {CPAMA},
   MRCLASS = {94A08},
  MRNUMBER = {MR1852979 (2003i:94005)},
MRREVIEWER = {Gilbert Crombez},
}


@article {kichen,
    AUTHOR = {Kichenassamy, Satyanad},
     TITLE = {The {P}erona-{M}alik paradox},
   JOURNAL = {SIAM J. Appl. Math.},
  FJOURNAL = {SIAM Journal on Applied Mathematics},
    VOLUME = {57},
      YEAR = {1997},
    NUMBER = {5},
     PAGES = {1328--1342},
      ISSN = {0036-1399},
     CODEN = {SMJMAP},
   MRCLASS = {35K55 (35D05 65M99 68U10)},
  MRNUMBER = {MR1470926 (98i:35088)},
MRREVIEWER = {Jennifer Zhao},
}

@article {kkutev,
    AUTHOR = {Kawohl, Bernd and Kutev, Nikolai},
     TITLE = {Maximum and comparison principle for one-dimensional
              anisotropic diffusion},
   JOURNAL = {Math. Ann.},
  FJOURNAL = {Mathematische Annalen},
    VOLUME = {311},
      YEAR = {1998},
    NUMBER = {1},
     PAGES = {107--123},
      ISSN = {0025-5831},
     CODEN = {MAANA},
   MRCLASS = {35K60 (35B05 35B50)},
  MRNUMBER = {MR1624275 (99h:35110)},
MRREVIEWER = {Achilles Tertikas},
}

@article {timedelay,
    AUTHOR = {Belahmidi, Abdelmounim and Chambolle, Antonin},
     TITLE = {Time-delay regularization of anisotropic diffusion and image
              processing},
   JOURNAL = {M2AN Math. Model. Numer. Anal.},
  FJOURNAL = {M2AN. Mathematical Modelling and Numerical Analysis},
    VOLUME = {39},
      YEAR = {2005},
    NUMBER = {2},
     PAGES = {231--251},
      ISSN = {0764-583X},
   MRCLASS = {68U10 (35K15 35K57 65M30)},
  MRNUMBER = {MR2143948 (2005m:68220)},
}

@article {amann,
    AUTHOR = {Amann, H.},
     TITLE = {Time-delayed {P}erona-{M}alik type problems},
   JOURNAL = {Acta Math. Univ. Comenian. (N.S.)},
  FJOURNAL = {Acta Mathematica Universitatis Comenianae. New Series},
    VOLUME = {76},
      YEAR = {2007},
    NUMBER = {1},
     PAGES = {15--38},
      ISSN = {0862-9544},
   MRCLASS = {35K55 (35K15 68U10)},
  MRNUMBER = {MR2331050},
}


@article {evans:port:04,
    AUTHOR = {Evans, L. C. and Portilheiro, M.},
     TITLE = {Irreversibility and hysteresis for a forward-backward
              diffusion equation},
   JOURNAL = {Math. Models Methods Appl. Sci.},
  FJOURNAL = {Mathematical Models \& Methods in Applied Sciences},
    VOLUME = {14},
      YEAR = {2004},
    NUMBER = {11},
     PAGES = {1599--1620},
      ISSN = {0218-2025},
   MRCLASS = {35K57 (35R35 47J40)},
  MRNUMBER = {MR2103092 (2005g:35173)},
MRREVIEWER = {Jana Kopfova},
}


@article {witelski,
    AUTHOR = {Witelski, Thomas P. and Schaeffer, David G. and Shearer,
              Michael},
     TITLE = {A discrete model for an ill-posed nonlinear parabolic {PDE}},
   JOURNAL = {Phys. D},
  FJOURNAL = {Physica D. Nonlinear Phenomena},
    VOLUME = {160},
      YEAR = {2001},
    NUMBER = {3-4},
     PAGES = {189--221},
      ISSN = {0167-2789},
     CODEN = {PDNPDT},
   MRCLASS = {35R25 (35K55 65M20 65M30 74E20)},
  MRNUMBER = {MR1872040 (2002j:35301)},
}

@incollection {muellerlecturenotes,
    AUTHOR = {M{\"u}ller, Stefan},
     TITLE = {Variational models for microstructure and phase transitions},
 BOOKTITLE = {Calculus of variations and geometric evolution problems
              ({C}etraro, 1996)},
    SERIES = {Lecture Notes in Math.},
    VOLUME = {1713},
     PAGES = {85--210},
 PUBLISHER = {Springer},
   ADDRESS = {Berlin},
      YEAR = {1999},
   MRCLASS = {49J45 (35A15 58E50 74B20 74N15)},
  MRNUMBER = {MR1731640 (2001b:49019)},
MRREVIEWER = {John M. Ball},
}

@article {slemrod,
    AUTHOR = {Slemrod, M.},
     TITLE = {Dynamics of measure valued solutions to a backward-forward
              heat equation},
   JOURNAL = {J. Dynam. Differential Equations},
  FJOURNAL = {Journal of Dynamics and Differential Equations},
    VOLUME = {3},
      YEAR = {1991},
    NUMBER = {1},
     PAGES = {1--28},
      ISSN = {1040-7294},
     CODEN = {JDDEEH},
   MRCLASS = {35K55 (35D05)},
  MRNUMBER = {MR1094722 (92m:35124)},
MRREVIEWER = {J. Ka{\v{c}}ur},
}
@article {selimgreer,
    AUTHOR = {Esedo{\=g}lu, Selim and Greer, John B.},
     TITLE = {Upper bounds on the coarsening rate of discrete, ill-posed
              nonlinear diffusion equations},
   JOURNAL = {Comm. Pure Appl. Math.},
  FJOURNAL = {Communications on Pure and Applied Mathematics},
    VOLUME = {62},
      YEAR = {2009},
    NUMBER = {1},
     PAGES = {57--81},
      ISSN = {0010-3640},
     CODEN = {CPAMA},
   MRCLASS = {35K57 (35R25 65M30)},
  MRNUMBER = {MR2460266},
}

@article {prohlfeng,
    AUTHOR = {Feng, Xiaobing and Prohl, Andreas},
     TITLE = {Numerical analysis of the {C}ahn-{H}illiard equation and
              approximation of the {H}ele-{S}haw problem},
   JOURNAL = {Interfaces Free Bound.},
  FJOURNAL = {Interfaces and Free Boundaries. Mathematical Modelling,
              Analysis and Computation},
    VOLUME = {7},
      YEAR = {2005},
    NUMBER = {1},
     PAGES = {1--28},
      ISSN = {1463-9963},
   MRCLASS = {35K55 (35B25 65M60 74N99 76D27 80M10)},
  MRNUMBER = {MR2126141 (2005j:35098)},
}


%%%%% Bellettini
	
	@article {bgn,
    AUTHOR = {Bellettini, Giovanni and Geldhauser, Carina and Novaga,
              Matteo},
     TITLE = {Convergence of a semidiscrete scheme for a forward-backward
              parabolic equation},
   JOURNAL = {Adv. Differential Equations},
  FJOURNAL = {Advances in Differential Equations},
    VOLUME = {18},
      YEAR = {2013},
    NUMBER = {5-6},
     PAGES = {495--522},
      ISSN = {1079-9389},
   MRCLASS = {65M30 (35B10 35B25 35K59)},
  MRNUMBER = {3086463},
MRREVIEWER = {Antonio C. G. Leit{\~a}o},
}


@article {BeBeMaNo:11,
    AUTHOR = {Bellettini, Giovanni and Bertini, Lorenzo and Mariani, Mauro
              and Novaga, Matteo},
     TITLE = {Convergence of the one-dimensional {C}ahn-{H}illiard equation},
   JOURNAL = {SIAM J. Math. Anal.},
  FJOURNAL = {SIAM Journal on Mathematical Analysis},
    VOLUME = {44},
      YEAR = {2012},
    NUMBER = {5},
     PAGES = {3458--3480},
      ISSN = {0036-1410},
   MRCLASS = {35K55 (35B25 35B27)},
  MRNUMBER = {3023418},
MRREVIEWER = {Ciprian G.-S. Gal},
       DOI = {10.1137/120865410},
       URL = {http://dx.doi.org/10.1137/120865410},
}


%%% done with Bellettini


%%% varia applications


@article {me:sch:ve,
    AUTHOR = {Metzner, Philipp and Sch{\"u}tte, Christof and Vanden-Eijnden,
              Eric},
     TITLE = {Transition path theory for {M}arkov jump processes},
   JOURNAL = {Multiscale Model. Simul.},
  FJOURNAL = {Multiscale Modeling \& Simulation. A SIAM Interdisciplinary
              Journal},
    VOLUME = {7},
      YEAR = {2008},
    NUMBER = {3},
     PAGES = {1192--1219},
      ISSN = {1540-3459},
   MRCLASS = {60J75 (60J27 65C40)},
  MRNUMBER = {2480117},
       DOI = {10.1137/070699500},
       URL = {http://dx.doi.org/10.1137/070699500},
}


@article{vejacs,
  AUTHOR = {Luca Maragliano and Grazia Cottone and Giovanni Ciccotti and Eric Vanden-Eijnden},
   TITLE = {Mapping the Network of Pathways of CO Diffusion in Myoglobin},
 JOURNAL = {Journal of the American Chemical Society},
  VOLUME =  {132},
  NUMBER = {3},
   PAGES = {1010-1017},
    YEAR = {2010},
     URL = {http://dx.doi.org/10.1021/ja905671x},
}
